<?xml version="1.0" encoding="utf-8" ?>
<gnc-v2
     xmlns:gnc="http://www.gnucash.org/XML/gnc"
     xmlns:act="http://www.gnucash.org/XML/act"
     xmlns:book="http://www.gnucash.org/XML/book"
     xmlns:cd="http://www.gnucash.org/XML/cd"
     xmlns:cmdty="http://www.gnucash.org/XML/cmdty"
     xmlns:price="http://www.gnucash.org/XML/price"
     xmlns:slot="http://www.gnucash.org/XML/slot"
     xmlns:split="http://www.gnucash.org/XML/split"
     xmlns:sx="http://www.gnucash.org/XML/sx"
     xmlns:trn="http://www.gnucash.org/XML/trn"
     xmlns:ts="http://www.gnucash.org/XML/ts"
     xmlns:fs="http://www.gnucash.org/XML/fs"
     xmlns:bgt="http://www.gnucash.org/XML/bgt"
     xmlns:recurrence="http://www.gnucash.org/XML/recurrence"
     xmlns:lot="http://www.gnucash.org/XML/lot"
     xmlns:addr="http://www.gnucash.org/XML/addr"
     xmlns:billterm="http://www.gnucash.org/XML/billterm"
     xmlns:bt-days="http://www.gnucash.org/XML/bt-days"
     xmlns:bt-prox="http://www.gnucash.org/XML/bt-prox"
     xmlns:cust="http://www.gnucash.org/XML/cust"
     xmlns:employee="http://www.gnucash.org/XML/employee"
     xmlns:entry="http://www.gnucash.org/XML/entry"
     xmlns:invoice="http://www.gnucash.org/XML/invoice"
     xmlns:job="http://www.gnucash.org/XML/job"
     xmlns:order="http://www.gnucash.org/XML/order"
     xmlns:owner="http://www.gnucash.org/XML/owner"
     xmlns:taxtable="http://www.gnucash.org/XML/taxtable"
     xmlns:tte="http://www.gnucash.org/XML/tte"
     xmlns:vendor="http://www.gnucash.org/XML/vendor">
<gnc:count-data cd:type="book">1</gnc:count-data>
<gnc:book version="2.0.0">
<book:id type="guid">2960a21054bb4edda7eecbf4dbe4c2aa</book:id>
<book:slots>
  <slot>
    <slot:key>counter_formats</slot:key>
    <slot:value type="frame">
      <slot>
        <slot:key>gncBill</slot:key>
        <slot:value type="string"></slot:value>
      </slot>
      <slot>
        <slot:key>gncCustomer</slot:key>
        <slot:value type="string"></slot:value>
      </slot>
      <slot>
        <slot:key>gncEmployee</slot:key>
        <slot:value type="string"></slot:value>
      </slot>
      <slot>
        <slot:key>gncExpVoucher</slot:key>
        <slot:value type="string"></slot:value>
      </slot>
      <slot>
        <slot:key>gncInvoice</slot:key>
        <slot:value type="string"></slot:value>
      </slot>
      <slot>
        <slot:key>gncJob</slot:key>
        <slot:value type="string"></slot:value>
      </slot>
      <slot>
        <slot:key>gncOrder</slot:key>
        <slot:value type="string"></slot:value>
      </slot>
      <slot>
        <slot:key>gncVendor</slot:key>
        <slot:value type="string"></slot:value>
      </slot>
    </slot:value>
  </slot>
  <slot>
    <slot:key>counters</slot:key>
    <slot:value type="frame">
      <slot>
        <slot:key>gncBill</slot:key>
        <slot:value type="integer">0</slot:value>
      </slot>
      <slot>
        <slot:key>gncCustomer</slot:key>
        <slot:value type="integer">1</slot:value>
      </slot>
      <slot>
        <slot:key>gncEmployee</slot:key>
        <slot:value type="integer">0</slot:value>
      </slot>
      <slot>
        <slot:key>gncExpVoucher</slot:key>
        <slot:value type="integer">0</slot:value>
      </slot>
      <slot>
        <slot:key>gncInvoice</slot:key>
        <slot:value type="integer">0</slot:value>
      </slot>
      <slot>
        <slot:key>gncJob</slot:key>
        <slot:value type="integer">0</slot:value>
      </slot>
      <slot>
        <slot:key>gncOrder</slot:key>
        <slot:value type="integer">0</slot:value>
      </slot>
      <slot>
        <slot:key>gncVendor</slot:key>
        <slot:value type="integer">1</slot:value>
      </slot>
    </slot:value>
  </slot>
  <slot>
    <slot:key>features</slot:key>
    <slot:value type="frame">
      <slot>
        <slot:key>Register sort and filter settings stored in .gcm file</slot:key>
        <slot:value type="string">Store the register sort and filter settings in .gcm metadata file (requires at least GnuCash 3.3)</slot:value>
      </slot>
      <slot>
        <slot:key>Use a dedicated opening balance account identified by an 'equity-type' slot</slot:key>
        <slot:value type="string">Use a dedicated opening balance account identified by an 'equity-type' slot (requires at least Gnucash 4.3)</slot:value>
      </slot>
    </slot:value>
  </slot>
  <slot>
    <slot:key>options</slot:key>
    <slot:value type="frame">
      <slot>
        <slot:key>Accounts</slot:key>
        <slot:value type="frame">
          <slot>
            <slot:key>Day Threshold for Read-Only Transactions (red line)</slot:key>
            <slot:value type="double">0</slot:value>
          </slot>
          <slot>
            <slot:key>Use Split Action Field for Number</slot:key>
            <slot:value type="string">f</slot:value>
          </slot>
          <slot>
            <slot:key>Use Trading Accounts</slot:key>
            <slot:value type="string">f</slot:value>
          </slot>
        </slot:value>
      </slot>
      <slot>
        <slot:key>Business</slot:key>
        <slot:value type="frame">
          <slot>
            <slot:key>Company Address</slot:key>
            <slot:value type="string"></slot:value>
          </slot>
          <slot>
            <slot:key>Company Contact Person</slot:key>
            <slot:value type="string"></slot:value>
          </slot>
          <slot>
            <slot:key>Company Email Address</slot:key>
            <slot:value type="string"></slot:value>
          </slot>
          <slot>
            <slot:key>Company Fax Number</slot:key>
            <slot:value type="string"></slot:value>
          </slot>
          <slot>
            <slot:key>Company ID</slot:key>
            <slot:value type="string"></slot:value>
          </slot>
          <slot>
            <slot:key>Company Name</slot:key>
            <slot:value type="string"></slot:value>
          </slot>
          <slot>
            <slot:key>Company Phone Number</slot:key>
            <slot:value type="string"></slot:value>
          </slot>
          <slot>
            <slot:key>Company Website URL</slot:key>
            <slot:value type="string"></slot:value>
          </slot>
          <slot>
            <slot:key>Default Customer TaxTable</slot:key>
            <slot:value type="guid">83b1859fd415421cb24f8c72eb755fcc</slot:value>
          </slot>
          <slot>
            <slot:key>Default Invoice Report</slot:key>
            <slot:value type="string">5123a759ceb9483abf2182d01c140e8d/Printable Invoice</slot:value>
          </slot>
          <slot>
            <slot:key>Default Invoice Report Timeout</slot:key>
            <slot:value type="double">0</slot:value>
          </slot>
          <slot>
            <slot:key>Default Vendor TaxTable</slot:key>
            <slot:value type="guid">2f43eee4235e450aaa4460864269444c</slot:value>
          </slot>
          <slot>
            <slot:key>Fancy Date Format</slot:key>
            <slot:value type="string">%d.%m.%Y</slot:value>
          </slot>
        </slot:value>
      </slot>
      <slot>
        <slot:key>Tax</slot:key>
        <slot:value type="frame">
          <slot>
            <slot:key>Tax Number</slot:key>
            <slot:value type="string"></slot:value>
          </slot>
        </slot:value>
      </slot>
    </slot:value>
  </slot>
  <slot>
    <slot:key>remove-color-not-set-slots</slot:key>
    <slot:value type="string">true</slot:value>
  </slot>
</book:slots>
<gnc:count-data cd:type="commodity">3</gnc:count-data>
<gnc:count-data cd:type="account">82</gnc:count-data>
<gnc:count-data cd:type="transaction">5</gnc:count-data>
<gnc:count-data cd:type="price">6</gnc:count-data>
<gnc:count-data cd:type="gnc:GncBillTerm">1</gnc:count-data>
<gnc:count-data cd:type="gnc:GncCustomer">1</gnc:count-data>
<gnc:count-data cd:type="gnc:GncEntry">6</gnc:count-data>
<gnc:count-data cd:type="gnc:GncInvoice">3</gnc:count-data>
<gnc:count-data cd:type="gnc:GncTaxTable">1</gnc:count-data>
<gnc:count-data cd:type="gnc:GncVendor">1</gnc:count-data>
<gnc:commodity version="2.0.0">
  <cmdty:space>CURRENCY</cmdty:space>
  <cmdty:id>EUR</cmdty:id>
  <cmdty:get_quotes/>
  <cmdty:quote_source>currency</cmdty:quote_source>
  <cmdty:quote_tz/>
</gnc:commodity>
<gnc:commodity version="2.0.0">
  <cmdty:space>EUREX</cmdty:space>
  <cmdty:id>MBG</cmdty:id>
  <cmdty:name>Mercedes-Benz Group AG</cmdty:name>
  <cmdty:xcode>DE0007100000</cmdty:xcode>
  <cmdty:fraction>10000</cmdty:fraction>
</gnc:commodity>
<gnc:commodity version="2.0.0">
  <cmdty:space>EUREX</cmdty:space>
  <cmdty:id>SAP</cmdty:id>
  <cmdty:name>SAP SE</cmdty:name>
  <cmdty:xcode>DE0007164600</cmdty:xcode>
  <cmdty:fraction>10000</cmdty:fraction>
</gnc:commodity>
<gnc:commodity version="2.0.0">
  <cmdty:space>template</cmdty:space>
  <cmdty:id>template</cmdty:id>
  <cmdty:name>template</cmdty:name>
  <cmdty:xcode>template</cmdty:xcode>
  <cmdty:fraction>1</cmdty:fraction>
</gnc:commodity>
<gnc:pricedb version="1">
  <price>
    <price:id type="guid">b7fe7eb916164f1d9d43f41262530381</price:id>
    <price:commodity>
      <cmdty:space>EUREX</cmdty:space>
      <cmdty:id>MBG</cmdty:id>
    </price:commodity>
    <price:currency>
      <cmdty:space>CURRENCY</cmdty:space>
      <cmdty:id>EUR</cmdty:id>
    </price:currency>
    <price:time>
      <ts:date>2023-07-01 10:59:00 +0000</ts:date>
    </price:time>
    <price:source>user:split-register</price:source>
    <price:type>transaction</price:type>
    <price:value>22530000/1000000</price:value>
  </price>
  <price>
    <price:id type="guid">8f2d1e3263aa4efba4a8e0e892c166b3</price:id>
    <price:commodity>
      <cmdty:space>EUREX</cmdty:space>
      <cmdty:id>SAP</cmdty:id>
    </price:commodity>
    <price:currency>
      <cmdty:space>CURRENCY</cmdty:space>
      <cmdty:id>EUR</cmdty:id>
    </price:currency>
    <price:time>
      <ts:date>2023-07-20 10:59:00 +0000</ts:date>
    </price:time>
    <price:source>user:price-editor</price:source>
    <price:type>unknown</price:type>
    <price:value>145/1</price:value>
  </price>
  <price>
    <price:id type="guid">d2db5e4108b9413aa678045ca66b205f</price:id>
    <price:commodity>
      <cmdty:space>EUREX</cmdty:space>
      <cmdty:id>SAP</cmdty:id>
    </price:commodity>
    <price:currency>
      <cmdty:space>CURRENCY</cmdty:space>
      <cmdty:id>EUR</cmdty:id>
    </price:currency>
    <price:time>
      <ts:date>2023-07-18 10:59:00 +0000</ts:date>
    </price:time>
    <price:source>user:split-register</price:source>
    <price:type>transaction</price:type>
    <price:value>125000000/1000000</price:value>
  </price>
  <price>
    <price:id type="guid">232625da7b4b4f55ba5e0e81b6ab4cac</price:id>
    <price:commodity>
      <cmdty:space>EUREX</cmdty:space>
      <cmdty:id>SAP</cmdty:id>
    </price:commodity>
    <price:currency>
      <cmdty:space>CURRENCY</cmdty:space>
      <cmdty:id>EUR</cmdty:id>
    </price:currency>
    <price:time>
      <ts:date>2012-03-05 10:59:00 +0000</ts:date>
    </price:time>
    <price:source>user:price</price:source>
    <price:type>last</price:type>
    <price:value>51390000000000/1000000</price:value>
  </price>
  <price>
    <price:id type="guid">f2806739b34a4f55a86d9c83f2061606</price:id>
    <price:commodity>
      <cmdty:space>EUREX</cmdty:space>
      <cmdty:id>SAP</cmdty:id>
    </price:commodity>
    <price:currency>
      <cmdty:space>CURRENCY</cmdty:space>
      <cmdty:id>EUR</cmdty:id>
    </price:currency>
    <price:time>
      <ts:date>2012-03-02 10:59:00 +0000</ts:date>
    </price:time>
    <price:source>user:price</price:source>
    <price:type>last</price:type>
    <price:value>51200000000000/1000000</price:value>
  </price>
  <price>
    <price:id type="guid">0f9b0c306c1f490c92f3fb96d03f40c3</price:id>
    <price:commodity>
      <cmdty:space>EUREX</cmdty:space>
      <cmdty:id>SAP</cmdty:id>
    </price:commodity>
    <price:currency>
      <cmdty:space>CURRENCY</cmdty:space>
      <cmdty:id>EUR</cmdty:id>
    </price:currency>
    <price:time>
      <ts:date>2012-03-01 10:59:00 +0000</ts:date>
    </price:time>
    <price:source>user:price</price:source>
    <price:type>last</price:type>
    <price:value>51080000000000/1000000</price:value>
  </price>
</gnc:pricedb>
<gnc:account version="2.0.0">
  <act:name>Root Account</act:name>
  <act:id type="guid">14305dc80e034834b3f531696d81b493</act:id>
  <act:type>ROOT</act:type>
  <act:commodity>
    <cmdty:space>CURRENCY</cmdty:space>
    <cmdty:id>EUR</cmdty:id>
  </act:commodity>
  <act:commodity-scu>100</act:commodity-scu>
  <act:slots>
    <slot>
      <slot:key>dummy</slot:key>
      <slot:value type="string">dummy</slot:value>
    </slot>
  </act:slots>
</gnc:account>
<gnc:account version="2.0.0">
  <act:name>Aktiva</act:name>
  <act:id type="guid">3b0e56552514420da0e2cec300f64ce6</act:id>
  <act:type>ASSET</act:type>
  <act:commodity>
    <cmdty:space>CURRENCY</cmdty:space>
    <cmdty:id>EUR</cmdty:id>
  </act:commodity>
  <act:commodity-scu>100</act:commodity-scu>
  <act:description>Aktiva</act:description>
  <act:slots>
    <slot>
      <slot:key>placeholder</slot:key>
      <slot:value type="string">true</slot:value>
    </slot>
  </act:slots>
  <act:parent type="guid">14305dc80e034834b3f531696d81b493</act:parent>
</gnc:account>
<gnc:account version="2.0.0">
  <act:name>Depots</act:name>
  <act:id type="guid">7ee6fe4de6db46fd957f3513c9c6f983</act:id>
  <act:type>ASSET</act:type>
  <act:commodity>
    <cmdty:space>CURRENCY</cmdty:space>
    <cmdty:id>EUR</cmdty:id>
  </act:commodity>
  <act:commodity-scu>100</act:commodity-scu>
  <act:description>Geldanlagen</act:description>
  <act:slots>
    <slot>
      <slot:key>placeholder</slot:key>
      <slot:value type="string">true</slot:value>
    </slot>
  </act:slots>
  <act:parent type="guid">3b0e56552514420da0e2cec300f64ce6</act:parent>
</gnc:account>
<gnc:account version="2.0.0">
  <act:name>WP</act:name>
  <act:id type="guid">6561f1e4cbe947c59dd7634574ae4997</act:id>
  <act:type>ASSET</act:type>
  <act:commodity>
    <cmdty:space>CURRENCY</cmdty:space>
    <cmdty:id>EUR</cmdty:id>
  </act:commodity>
  <act:commodity-scu>100</act:commodity-scu>
  <act:slots>
    <slot>
      <slot:key>dummy</slot:key>
      <slot:value type="string">dummy</slot:value>
    </slot>
  </act:slots>
  <act:parent type="guid">7ee6fe4de6db46fd957f3513c9c6f983</act:parent>
</gnc:account>
<gnc:account version="2.0.0">
  <act:name>Depot RaiBa</act:name>
  <act:id type="guid">cc2c4709633943c39293bfd73de88c9b</act:id>
  <act:type>ASSET</act:type>
  <act:commodity>
    <cmdty:space>CURRENCY</cmdty:space>
    <cmdty:id>EUR</cmdty:id>
  </act:commodity>
  <act:commodity-scu>100</act:commodity-scu>
  <act:description>Aktiendepot</act:description>
  <act:slots>
    <slot>
      <slot:key>placeholder</slot:key>
      <slot:value type="string">true</slot:value>
    </slot>
  </act:slots>
  <act:parent type="guid">6561f1e4cbe947c59dd7634574ae4997</act:parent>
</gnc:account>
<gnc:account version="2.0.0">
  <act:name>DE0007100000 Mercedes-Benz</act:name>
  <act:id type="guid">d49554f33a0340bdb6611a1ab5575998</act:id>
  <act:type>STOCK</act:type>
  <act:commodity>
    <cmdty:space>EUREX</cmdty:space>
    <cmdty:id>MBG</cmdty:id>
  </act:commodity>
  <act:commodity-scu>10000</act:commodity-scu>
  <act:description>Mercedes-Benz Group AG</act:description>
  <act:slots>
    <slot>
      <slot:key>dummy</slot:key>
      <slot:value type="string">dummy</slot:value>
    </slot>
  </act:slots>
  <act:parent type="guid">cc2c4709633943c39293bfd73de88c9b</act:parent>
</gnc:account>
<gnc:account version="2.0.0">
  <act:name>DE0007164600 SAP</act:name>
  <act:id type="guid">b3741e92e3b9475b9d5a2dc8254a8111</act:id>
  <act:type>STOCK</act:type>
  <act:commodity>
    <cmdty:space>EUREX</cmdty:space>
    <cmdty:id>SAP</cmdty:id>
  </act:commodity>
  <act:commodity-scu>10000</act:commodity-scu>
  <act:description>SAP SE</act:description>
  <act:slots>
    <slot>
      <slot:key>dummy</slot:key>
      <slot:value type="string">dummy</slot:value>
    </slot>
  </act:slots>
  <act:parent type="guid">cc2c4709633943c39293bfd73de88c9b</act:parent>
</gnc:account>
<gnc:account version="2.0.0">
  <act:name>nicht-WP</act:name>
  <act:id type="guid">0aa991dcea734202a461cea654ef5350</act:id>
  <act:type>ASSET</act:type>
  <act:commodity>
    <cmdty:space>CURRENCY</cmdty:space>
    <cmdty:id>EUR</cmdty:id>
  </act:commodity>
  <act:commodity-scu>100</act:commodity-scu>
  <act:slots>
    <slot>
      <slot:key>dummy</slot:key>
      <slot:value type="string">dummy</slot:value>
    </slot>
  </act:slots>
  <act:parent type="guid">7ee6fe4de6db46fd957f3513c9c6f983</act:parent>
</gnc:account>
<gnc:account version="2.0.0">
  <act:name>Direkt-Beteiligungen</act:name>
  <act:id type="guid">090e959a980f4b6992d905cd2faa3eb6</act:id>
  <act:type>ASSET</act:type>
  <act:commodity>
    <cmdty:space>CURRENCY</cmdty:space>
    <cmdty:id>EUR</cmdty:id>
  </act:commodity>
  <act:commodity-scu>100</act:commodity-scu>
  <act:slots>
    <slot>
      <slot:key>dummy</slot:key>
      <slot:value type="string">dummy</slot:value>
    </slot>
  </act:slots>
  <act:parent type="guid">0aa991dcea734202a461cea654ef5350</act:parent>
</gnc:account>
<gnc:account version="2.0.0">
  <act:name>Sichteinlagen</act:name>
  <act:id type="guid">3cf39ca12d414c7289a90ef76ee88c27</act:id>
  <act:type>ASSET</act:type>
  <act:commodity>
    <cmdty:space>CURRENCY</cmdty:space>
    <cmdty:id>EUR</cmdty:id>
  </act:commodity>
  <act:commodity-scu>100</act:commodity-scu>
  <act:description>Barvermögen</act:description>
  <act:slots>
    <slot>
      <slot:key>placeholder</slot:key>
      <slot:value type="string">true</slot:value>
    </slot>
  </act:slots>
  <act:parent type="guid">3b0e56552514420da0e2cec300f64ce6</act:parent>
</gnc:account>
<gnc:account version="2.0.0">
  <act:name>KK</act:name>
  <act:id type="guid">fdffaa52f5b04754901dfb1cf9221494</act:id>
  <act:type>ASSET</act:type>
  <act:commodity>
    <cmdty:space>CURRENCY</cmdty:space>
    <cmdty:id>EUR</cmdty:id>
  </act:commodity>
  <act:commodity-scu>100</act:commodity-scu>
  <act:slots>
    <slot>
      <slot:key>dummy</slot:key>
      <slot:value type="string">dummy</slot:value>
    </slot>
  </act:slots>
  <act:parent type="guid">3cf39ca12d414c7289a90ef76ee88c27</act:parent>
</gnc:account>
<gnc:account version="2.0.0">
  <act:name>Giro RaiBa</act:name>
  <act:id type="guid">bbf77a599bd24a3dbfec3dd1d0bb9f5c</act:id>
  <act:type>BANK</act:type>
  <act:commodity>
    <cmdty:space>CURRENCY</cmdty:space>
    <cmdty:id>EUR</cmdty:id>
  </act:commodity>
  <act:commodity-scu>100</act:commodity-scu>
  <act:description>Girokonto</act:description>
  <act:slots>
    <slot>
      <slot:key>dummy</slot:key>
      <slot:value type="string">dummy</slot:value>
    </slot>
  </act:slots>
  <act:parent type="guid">fdffaa52f5b04754901dfb1cf9221494</act:parent>
</gnc:account>
<gnc:account version="2.0.0">
  <act:name>nicht-KK</act:name>
  <act:id type="guid">06d05a9c302b44a8b5a16e91fed31b95</act:id>
  <act:type>ASSET</act:type>
  <act:commodity>
    <cmdty:space>CURRENCY</cmdty:space>
    <cmdty:id>EUR</cmdty:id>
  </act:commodity>
  <act:commodity-scu>100</act:commodity-scu>
  <act:slots>
    <slot>
      <slot:key>dummy</slot:key>
      <slot:value type="string">dummy</slot:value>
    </slot>
  </act:slots>
  <act:parent type="guid">3cf39ca12d414c7289a90ef76ee88c27</act:parent>
</gnc:account>
<gnc:account version="2.0.0">
  <act:name>Sparkonto</act:name>
  <act:id type="guid">b88e9eca9c73411b947b882d0bf8ec6f</act:id>
  <act:type>BANK</act:type>
  <act:commodity>
    <cmdty:space>CURRENCY</cmdty:space>
    <cmdty:id>EUR</cmdty:id>
  </act:commodity>
  <act:commodity-scu>100</act:commodity-scu>
  <act:description>Sparkonto</act:description>
  <act:slots>
    <slot>
      <slot:key>dummy</slot:key>
      <slot:value type="string">dummy</slot:value>
    </slot>
  </act:slots>
  <act:parent type="guid">06d05a9c302b44a8b5a16e91fed31b95</act:parent>
</gnc:account>
<gnc:account version="2.0.0">
  <act:name>Tagesgeld RaiBa</act:name>
  <act:id type="guid">87b7dc076d684bb78044795a89d665c8</act:id>
  <act:type>BANK</act:type>
  <act:commodity>
    <cmdty:space>CURRENCY</cmdty:space>
    <cmdty:id>EUR</cmdty:id>
  </act:commodity>
  <act:commodity-scu>100</act:commodity-scu>
  <act:slots>
    <slot>
      <slot:key>dummy</slot:key>
      <slot:value type="string">dummy</slot:value>
    </slot>
  </act:slots>
  <act:parent type="guid">06d05a9c302b44a8b5a16e91fed31b95</act:parent>
</gnc:account>
<gnc:account version="2.0.0">
  <act:name>Sonstige</act:name>
  <act:id type="guid">97588a9049df44a5bfb93b3efed9f501</act:id>
  <act:type>ASSET</act:type>
  <act:commodity>
    <cmdty:space>CURRENCY</cmdty:space>
    <cmdty:id>EUR</cmdty:id>
  </act:commodity>
  <act:commodity-scu>100</act:commodity-scu>
  <act:slots>
    <slot>
      <slot:key>dummy</slot:key>
      <slot:value type="string">dummy</slot:value>
    </slot>
  </act:slots>
  <act:parent type="guid">3b0e56552514420da0e2cec300f64ce6</act:parent>
</gnc:account>
<gnc:account version="2.0.0">
  <act:name>Erträge</act:name>
  <act:id type="guid">a4cd5c75d9f44370bce02592fda63ae2</act:id>
  <act:type>INCOME</act:type>
  <act:commodity>
    <cmdty:space>CURRENCY</cmdty:space>
    <cmdty:id>EUR</cmdty:id>
  </act:commodity>
  <act:commodity-scu>100</act:commodity-scu>
  <act:description>Erträge</act:description>
  <act:slots>
    <slot>
      <slot:key>placeholder</slot:key>
      <slot:value type="string">true</slot:value>
    </slot>
  </act:slots>
  <act:parent type="guid">14305dc80e034834b3f531696d81b493</act:parent>
</gnc:account>
<gnc:account version="2.0.0">
  <act:name>Zinsen</act:name>
  <act:id type="guid">5c19955b95f44d9a9ba7aa5eb4b02c9a</act:id>
  <act:type>INCOME</act:type>
  <act:commodity>
    <cmdty:space>CURRENCY</cmdty:space>
    <cmdty:id>EUR</cmdty:id>
  </act:commodity>
  <act:commodity-scu>100</act:commodity-scu>
  <act:description>Zinseinkommen</act:description>
  <act:slots>
    <slot>
      <slot:key>placeholder</slot:key>
      <slot:value type="string">true</slot:value>
    </slot>
  </act:slots>
  <act:parent type="guid">a4cd5c75d9f44370bce02592fda63ae2</act:parent>
</gnc:account>
<gnc:account version="2.0.0">
  <act:name>Bausparvertrag</act:name>
  <act:id type="guid">985e3b28568343f4a72a384126b7eae3</act:id>
  <act:type>INCOME</act:type>
  <act:commodity>
    <cmdty:space>CURRENCY</cmdty:space>
    <cmdty:id>EUR</cmdty:id>
  </act:commodity>
  <act:commodity-scu>100</act:commodity-scu>
  <act:description>Bausparvertrag Zinsen</act:description>
  <act:slots>
    <slot>
      <slot:key>dummy</slot:key>
      <slot:value type="string">dummy</slot:value>
    </slot>
  </act:slots>
  <act:parent type="guid">5c19955b95f44d9a9ba7aa5eb4b02c9a</act:parent>
</gnc:account>
<gnc:account version="2.0.0">
  <act:name>Festgeld</act:name>
  <act:id type="guid">5cfb19456b3d44c9950e48cacfb3bd3b</act:id>
  <act:type>INCOME</act:type>
  <act:commodity>
    <cmdty:space>CURRENCY</cmdty:space>
    <cmdty:id>EUR</cmdty:id>
  </act:commodity>
  <act:commodity-scu>100</act:commodity-scu>
  <act:description>Festgeld Zinsen</act:description>
  <act:slots>
    <slot>
      <slot:key>dummy</slot:key>
      <slot:value type="string">dummy</slot:value>
    </slot>
  </act:slots>
  <act:parent type="guid">5c19955b95f44d9a9ba7aa5eb4b02c9a</act:parent>
</gnc:account>
<gnc:account version="2.0.0">
  <act:name>Investmentfonds</act:name>
  <act:id type="guid">150957ac8a984d8e89dce93b2cf5ea52</act:id>
  <act:type>INCOME</act:type>
  <act:commodity>
    <cmdty:space>CURRENCY</cmdty:space>
    <cmdty:id>EUR</cmdty:id>
  </act:commodity>
  <act:commodity-scu>100</act:commodity-scu>
  <act:description>Investmentfonds Zinsen</act:description>
  <act:slots>
    <slot>
      <slot:key>dummy</slot:key>
      <slot:value type="string">dummy</slot:value>
    </slot>
  </act:slots>
  <act:parent type="guid">5c19955b95f44d9a9ba7aa5eb4b02c9a</act:parent>
</gnc:account>
<gnc:account version="2.0.0">
  <act:name>Girokonto</act:name>
  <act:id type="guid">e2bad3d8d83b4fa3a38ae9f8d1beba5a</act:id>
  <act:type>INCOME</act:type>
  <act:commodity>
    <cmdty:space>CURRENCY</cmdty:space>
    <cmdty:id>EUR</cmdty:id>
  </act:commodity>
  <act:commodity-scu>100</act:commodity-scu>
  <act:description>Girokonto Zinsen</act:description>
  <act:slots>
    <slot>
      <slot:key>dummy</slot:key>
      <slot:value type="string">dummy</slot:value>
    </slot>
  </act:slots>
  <act:parent type="guid">5c19955b95f44d9a9ba7aa5eb4b02c9a</act:parent>
</gnc:account>
<gnc:account version="2.0.0">
  <act:name>Sonstige</act:name>
  <act:id type="guid">407c68ed3767415cbb9377e490450542</act:id>
  <act:type>INCOME</act:type>
  <act:commodity>
    <cmdty:space>CURRENCY</cmdty:space>
    <cmdty:id>EUR</cmdty:id>
  </act:commodity>
  <act:commodity-scu>100</act:commodity-scu>
  <act:description>Sonstige Zinsen</act:description>
  <act:slots>
    <slot>
      <slot:key>dummy</slot:key>
      <slot:value type="string">dummy</slot:value>
    </slot>
  </act:slots>
  <act:parent type="guid">5c19955b95f44d9a9ba7aa5eb4b02c9a</act:parent>
</gnc:account>
<gnc:account version="2.0.0">
  <act:name>Sparkonto</act:name>
  <act:id type="guid">5105420aab3d44618523c7566194c679</act:id>
  <act:type>INCOME</act:type>
  <act:commodity>
    <cmdty:space>CURRENCY</cmdty:space>
    <cmdty:id>EUR</cmdty:id>
  </act:commodity>
  <act:commodity-scu>100</act:commodity-scu>
  <act:description>Sparkonto Zinsen</act:description>
  <act:slots>
    <slot>
      <slot:key>dummy</slot:key>
      <slot:value type="string">dummy</slot:value>
    </slot>
  </act:slots>
  <act:parent type="guid">5c19955b95f44d9a9ba7aa5eb4b02c9a</act:parent>
</gnc:account>
<gnc:account version="2.0.0">
  <act:name>Gehalt</act:name>
  <act:id type="guid">9cf1e0386cb14cd19f66ea90ad7856ba</act:id>
  <act:type>INCOME</act:type>
  <act:commodity>
    <cmdty:space>CURRENCY</cmdty:space>
    <cmdty:id>EUR</cmdty:id>
  </act:commodity>
  <act:commodity-scu>100</act:commodity-scu>
  <act:description>Gehalt und Zulagen</act:description>
  <act:slots>
    <slot>
      <slot:key>placeholder</slot:key>
      <slot:value type="string">true</slot:value>
    </slot>
  </act:slots>
  <act:parent type="guid">a4cd5c75d9f44370bce02592fda63ae2</act:parent>
</gnc:account>
<gnc:account version="2.0.0">
  <act:name>Gehalt</act:name>
  <act:id type="guid">79dc5683ff7440bda747c21d9b73e7d0</act:id>
  <act:type>INCOME</act:type>
  <act:commodity>
    <cmdty:space>CURRENCY</cmdty:space>
    <cmdty:id>EUR</cmdty:id>
  </act:commodity>
  <act:commodity-scu>100</act:commodity-scu>
  <act:description>Gehalt</act:description>
  <act:slots>
    <slot>
      <slot:key>dummy</slot:key>
      <slot:value type="string">dummy</slot:value>
    </slot>
  </act:slots>
  <act:parent type="guid">9cf1e0386cb14cd19f66ea90ad7856ba</act:parent>
</gnc:account>
<gnc:account version="2.0.0">
  <act:name>Zulagen</act:name>
  <act:id type="guid">5bf9465931fc4536bc9737602b200c79</act:id>
  <act:type>INCOME</act:type>
  <act:commodity>
    <cmdty:space>CURRENCY</cmdty:space>
    <cmdty:id>EUR</cmdty:id>
  </act:commodity>
  <act:commodity-scu>100</act:commodity-scu>
  <act:description>Zulagen und Bonus zum Gehalt</act:description>
  <act:slots>
    <slot>
      <slot:key>dummy</slot:key>
      <slot:value type="string">dummy</slot:value>
    </slot>
  </act:slots>
  <act:parent type="guid">9cf1e0386cb14cd19f66ea90ad7856ba</act:parent>
</gnc:account>
<gnc:account version="2.0.0">
  <act:name>Geschenke</act:name>
  <act:id type="guid">ee77765f229542b1843e358df89a4e2b</act:id>
  <act:type>INCOME</act:type>
  <act:commodity>
    <cmdty:space>CURRENCY</cmdty:space>
    <cmdty:id>EUR</cmdty:id>
  </act:commodity>
  <act:commodity-scu>100</act:commodity-scu>
  <act:description>Empfangene Geschenke</act:description>
  <act:slots>
    <slot>
      <slot:key>dummy</slot:key>
      <slot:value type="string">dummy</slot:value>
    </slot>
  </act:slots>
  <act:parent type="guid">a4cd5c75d9f44370bce02592fda63ae2</act:parent>
</gnc:account>
<gnc:account version="2.0.0">
  <act:name>Sonstiges</act:name>
  <act:id type="guid">fed745c4da5c49ebb0fde0f47222b35b</act:id>
  <act:type>INCOME</act:type>
  <act:commodity>
    <cmdty:space>CURRENCY</cmdty:space>
    <cmdty:id>EUR</cmdty:id>
  </act:commodity>
  <act:commodity-scu>100</act:commodity-scu>
  <act:description>Sonstige Erträge</act:description>
  <act:slots>
    <slot>
      <slot:key>dummy</slot:key>
      <slot:value type="string">dummy</slot:value>
    </slot>
  </act:slots>
  <act:parent type="guid">a4cd5c75d9f44370bce02592fda63ae2</act:parent>
</gnc:account>
<gnc:account version="2.0.0">
  <act:name>Dividenden</act:name>
  <act:id type="guid">d7c384bfc136464490965f3f254313b1</act:id>
  <act:type>INCOME</act:type>
  <act:commodity>
    <cmdty:space>CURRENCY</cmdty:space>
    <cmdty:id>EUR</cmdty:id>
  </act:commodity>
  <act:commodity-scu>100</act:commodity-scu>
  <act:description>Dividenden</act:description>
  <act:slots>
    <slot>
      <slot:key>dummy</slot:key>
      <slot:value type="string">dummy</slot:value>
    </slot>
  </act:slots>
  <act:parent type="guid">a4cd5c75d9f44370bce02592fda63ae2</act:parent>
</gnc:account>
<gnc:account version="2.0.0">
  <act:name>Aufwendungen</act:name>
  <act:id type="guid">23aa4227ddda457592998d18f888a662</act:id>
  <act:type>EXPENSE</act:type>
  <act:commodity>
    <cmdty:space>CURRENCY</cmdty:space>
    <cmdty:id>EUR</cmdty:id>
  </act:commodity>
  <act:commodity-scu>100</act:commodity-scu>
  <act:description>Aufwendungen</act:description>
  <act:slots>
    <slot>
      <slot:key>placeholder</slot:key>
      <slot:value type="string">true</slot:value>
    </slot>
  </act:slots>
  <act:parent type="guid">14305dc80e034834b3f531696d81b493</act:parent>
</gnc:account>
<gnc:account version="2.0.0">
  <act:name>Versicherungen</act:name>
  <act:id type="guid">e92313af9d344c939a084f8b6aa452b9</act:id>
  <act:type>EXPENSE</act:type>
  <act:commodity>
    <cmdty:space>CURRENCY</cmdty:space>
    <cmdty:id>EUR</cmdty:id>
  </act:commodity>
  <act:commodity-scu>100</act:commodity-scu>
  <act:description>Versicherungen</act:description>
  <act:slots>
    <slot>
      <slot:key>placeholder</slot:key>
      <slot:value type="string">true</slot:value>
    </slot>
  </act:slots>
  <act:parent type="guid">23aa4227ddda457592998d18f888a662</act:parent>
</gnc:account>
<gnc:account version="2.0.0">
  <act:name>Lebensversicherung</act:name>
  <act:id type="guid">576aeb698e524b9a88e548efec097c48</act:id>
  <act:type>EXPENSE</act:type>
  <act:commodity>
    <cmdty:space>CURRENCY</cmdty:space>
    <cmdty:id>EUR</cmdty:id>
  </act:commodity>
  <act:commodity-scu>100</act:commodity-scu>
  <act:description>Lebensversicherung</act:description>
  <act:slots>
    <slot>
      <slot:key>dummy</slot:key>
      <slot:value type="string">dummy</slot:value>
    </slot>
  </act:slots>
  <act:parent type="guid">e92313af9d344c939a084f8b6aa452b9</act:parent>
</gnc:account>
<gnc:account version="2.0.0">
  <act:name>Haftpflicht</act:name>
  <act:id type="guid">038dea402d134180a6a3ca748c9f6b4d</act:id>
  <act:type>EXPENSE</act:type>
  <act:commodity>
    <cmdty:space>CURRENCY</cmdty:space>
    <cmdty:id>EUR</cmdty:id>
  </act:commodity>
  <act:commodity-scu>100</act:commodity-scu>
  <act:description>Haftpflichtversicherung</act:description>
  <act:slots>
    <slot>
      <slot:key>dummy</slot:key>
      <slot:value type="string">dummy</slot:value>
    </slot>
  </act:slots>
  <act:parent type="guid">e92313af9d344c939a084f8b6aa452b9</act:parent>
</gnc:account>
<gnc:account version="2.0.0">
  <act:name>Krankenversicherung</act:name>
  <act:id type="guid">c258aa23358040a08fcfe1efad2a906c</act:id>
  <act:type>EXPENSE</act:type>
  <act:commodity>
    <cmdty:space>CURRENCY</cmdty:space>
    <cmdty:id>EUR</cmdty:id>
  </act:commodity>
  <act:commodity-scu>100</act:commodity-scu>
  <act:description>Krankenversicherung</act:description>
  <act:slots>
    <slot>
      <slot:key>dummy</slot:key>
      <slot:value type="string">dummy</slot:value>
    </slot>
  </act:slots>
  <act:parent type="guid">e92313af9d344c939a084f8b6aa452b9</act:parent>
</gnc:account>
<gnc:account version="2.0.0">
  <act:name>Bildung</act:name>
  <act:id type="guid">e7884c844e19475cb907d88939d90af0</act:id>
  <act:type>EXPENSE</act:type>
  <act:commodity>
    <cmdty:space>CURRENCY</cmdty:space>
    <cmdty:id>EUR</cmdty:id>
  </act:commodity>
  <act:commodity-scu>100</act:commodity-scu>
  <act:description>Bildung</act:description>
  <act:slots>
    <slot>
      <slot:key>placeholder</slot:key>
      <slot:value type="string">true</slot:value>
    </slot>
  </act:slots>
  <act:parent type="guid">23aa4227ddda457592998d18f888a662</act:parent>
</gnc:account>
<gnc:account version="2.0.0">
  <act:name>Abonnements</act:name>
  <act:id type="guid">259f5cc9b6f4411a80e32697938f8c4e</act:id>
  <act:type>EXPENSE</act:type>
  <act:commodity>
    <cmdty:space>CURRENCY</cmdty:space>
    <cmdty:id>EUR</cmdty:id>
  </act:commodity>
  <act:commodity-scu>100</act:commodity-scu>
  <act:description>Abonnements</act:description>
  <act:slots>
    <slot>
      <slot:key>dummy</slot:key>
      <slot:value type="string">dummy</slot:value>
    </slot>
  </act:slots>
  <act:parent type="guid">e7884c844e19475cb907d88939d90af0</act:parent>
</gnc:account>
<gnc:account version="2.0.0">
  <act:name>Bücher</act:name>
  <act:id type="guid">01efa7d55a4b4ac8958c0e4f43193072</act:id>
  <act:type>EXPENSE</act:type>
  <act:commodity>
    <cmdty:space>CURRENCY</cmdty:space>
    <cmdty:id>EUR</cmdty:id>
  </act:commodity>
  <act:commodity-scu>100</act:commodity-scu>
  <act:description>Bücher</act:description>
  <act:slots>
    <slot>
      <slot:key>dummy</slot:key>
      <slot:value type="string">dummy</slot:value>
    </slot>
  </act:slots>
  <act:parent type="guid">e7884c844e19475cb907d88939d90af0</act:parent>
</gnc:account>
<gnc:account version="2.0.0">
  <act:name>Büroartikel</act:name>
  <act:id type="guid">7baa658d697e4dfc8a4bf19f8cdd9fee</act:id>
  <act:type>EXPENSE</act:type>
  <act:commodity>
    <cmdty:space>CURRENCY</cmdty:space>
    <cmdty:id>EUR</cmdty:id>
  </act:commodity>
  <act:commodity-scu>100</act:commodity-scu>
  <act:description>Büroartikel</act:description>
  <act:slots>
    <slot>
      <slot:key>dummy</slot:key>
      <slot:value type="string">dummy</slot:value>
    </slot>
  </act:slots>
  <act:parent type="guid">e7884c844e19475cb907d88939d90af0</act:parent>
</gnc:account>
<gnc:account version="2.0.0">
  <act:name>Zeitungen</act:name>
  <act:id type="guid">0c405f3669a14606be3c1a62ac5455a9</act:id>
  <act:type>EXPENSE</act:type>
  <act:commodity>
    <cmdty:space>CURRENCY</cmdty:space>
    <cmdty:id>EUR</cmdty:id>
  </act:commodity>
  <act:commodity-scu>100</act:commodity-scu>
  <act:description>Zeitungen</act:description>
  <act:slots>
    <slot>
      <slot:key>dummy</slot:key>
      <slot:value type="string">dummy</slot:value>
    </slot>
  </act:slots>
  <act:parent type="guid">e7884c844e19475cb907d88939d90af0</act:parent>
</gnc:account>
<gnc:account version="2.0.0">
  <act:name>Computer</act:name>
  <act:id type="guid">16305960bddc463aa18212dd4f230d4d</act:id>
  <act:type>EXPENSE</act:type>
  <act:commodity>
    <cmdty:space>CURRENCY</cmdty:space>
    <cmdty:id>EUR</cmdty:id>
  </act:commodity>
  <act:commodity-scu>100</act:commodity-scu>
  <act:description>Computer</act:description>
  <act:slots>
    <slot>
      <slot:key>dummy</slot:key>
      <slot:value type="string">dummy</slot:value>
    </slot>
  </act:slots>
  <act:parent type="guid">23aa4227ddda457592998d18f888a662</act:parent>
</gnc:account>
<gnc:account version="2.0.0">
  <act:name>Fahrtkosten</act:name>
  <act:id type="guid">de925f1e498f4fe7be8a9fc3f7904d4f</act:id>
  <act:type>EXPENSE</act:type>
  <act:commodity>
    <cmdty:space>CURRENCY</cmdty:space>
    <cmdty:id>EUR</cmdty:id>
  </act:commodity>
  <act:commodity-scu>100</act:commodity-scu>
  <act:description>Fahrtkosten</act:description>
  <act:slots>
    <slot>
      <slot:key>placeholder</slot:key>
      <slot:value type="string">true</slot:value>
    </slot>
  </act:slots>
  <act:parent type="guid">23aa4227ddda457592998d18f888a662</act:parent>
</gnc:account>
<gnc:account version="2.0.0">
  <act:name>Fahrkarten</act:name>
  <act:id type="guid">6eecbc4eda71495982a0710bd14dccef</act:id>
  <act:type>EXPENSE</act:type>
  <act:commodity>
    <cmdty:space>CURRENCY</cmdty:space>
    <cmdty:id>EUR</cmdty:id>
  </act:commodity>
  <act:commodity-scu>100</act:commodity-scu>
  <act:description>Fahrkarten Bus, Bahn, Flugzeug</act:description>
  <act:slots>
    <slot>
      <slot:key>dummy</slot:key>
      <slot:value type="string">dummy</slot:value>
    </slot>
  </act:slots>
  <act:parent type="guid">de925f1e498f4fe7be8a9fc3f7904d4f</act:parent>
</gnc:account>
<gnc:account version="2.0.0">
  <act:name>Geschenke</act:name>
  <act:id type="guid">e93bd8a244c94de9bb4d5c3cb6749bf1</act:id>
  <act:type>EXPENSE</act:type>
  <act:commodity>
    <cmdty:space>CURRENCY</cmdty:space>
    <cmdty:id>EUR</cmdty:id>
  </act:commodity>
  <act:commodity-scu>100</act:commodity-scu>
  <act:description>Geschenke</act:description>
  <act:slots>
    <slot>
      <slot:key>dummy</slot:key>
      <slot:value type="string">dummy</slot:value>
    </slot>
  </act:slots>
  <act:parent type="guid">23aa4227ddda457592998d18f888a662</act:parent>
</gnc:account>
<gnc:account version="2.0.0">
  <act:name>Hobbies</act:name>
  <act:id type="guid">1910dacc276e4dff8cb378db008175e6</act:id>
  <act:type>EXPENSE</act:type>
  <act:commodity>
    <cmdty:space>CURRENCY</cmdty:space>
    <cmdty:id>EUR</cmdty:id>
  </act:commodity>
  <act:commodity-scu>100</act:commodity-scu>
  <act:description>Hobbies</act:description>
  <act:slots>
    <slot>
      <slot:key>dummy</slot:key>
      <slot:value type="string">dummy</slot:value>
    </slot>
  </act:slots>
  <act:parent type="guid">23aa4227ddda457592998d18f888a662</act:parent>
</gnc:account>
<gnc:account version="2.0.0">
  <act:name>Kleidung</act:name>
  <act:id type="guid">6ee78c2b61ff4bc2bf79c1f390823bc3</act:id>
  <act:type>EXPENSE</act:type>
  <act:commodity>
    <cmdty:space>CURRENCY</cmdty:space>
    <cmdty:id>EUR</cmdty:id>
  </act:commodity>
  <act:commodity-scu>100</act:commodity-scu>
  <act:description>Kleidung</act:description>
  <act:slots>
    <slot>
      <slot:key>dummy</slot:key>
      <slot:value type="string">dummy</slot:value>
    </slot>
  </act:slots>
  <act:parent type="guid">23aa4227ddda457592998d18f888a662</act:parent>
</gnc:account>
<gnc:account version="2.0.0">
  <act:name>Lebensmittel</act:name>
  <act:id type="guid">6cab02f92c144dbba1656dca1517f461</act:id>
  <act:type>EXPENSE</act:type>
  <act:commodity>
    <cmdty:space>CURRENCY</cmdty:space>
    <cmdty:id>EUR</cmdty:id>
  </act:commodity>
  <act:commodity-scu>100</act:commodity-scu>
  <act:description>Lebensmittel</act:description>
  <act:slots>
    <slot>
      <slot:key>dummy</slot:key>
      <slot:value type="string">dummy</slot:value>
    </slot>
  </act:slots>
  <act:parent type="guid">23aa4227ddda457592998d18f888a662</act:parent>
</gnc:account>
<gnc:account version="2.0.0">
  <act:name>Medikamente</act:name>
  <act:id type="guid">dc79d08ecbcb4a6c8cdb933af964a1ce</act:id>
  <act:type>EXPENSE</act:type>
  <act:commodity>
    <cmdty:space>CURRENCY</cmdty:space>
    <cmdty:id>EUR</cmdty:id>
  </act:commodity>
  <act:commodity-scu>100</act:commodity-scu>
  <act:description>Medikamente</act:description>
  <act:slots>
    <slot>
      <slot:key>dummy</slot:key>
      <slot:value type="string">dummy</slot:value>
    </slot>
  </act:slots>
  <act:parent type="guid">23aa4227ddda457592998d18f888a662</act:parent>
</gnc:account>
<gnc:account version="2.0.0">
  <act:name>Sonstiges</act:name>
  <act:id type="guid">7d4c7bf08901493ab346cc24595fdb97</act:id>
  <act:type>EXPENSE</act:type>
  <act:commodity>
    <cmdty:space>CURRENCY</cmdty:space>
    <cmdty:id>EUR</cmdty:id>
  </act:commodity>
  <act:commodity-scu>100</act:commodity-scu>
  <act:description>Sonstiges</act:description>
  <act:slots>
    <slot>
      <slot:key>placeholder</slot:key>
      <slot:value type="string">true</slot:value>
    </slot>
  </act:slots>
  <act:parent type="guid">23aa4227ddda457592998d18f888a662</act:parent>
</gnc:account>
<gnc:account version="2.0.0">
  <act:name>Bankgebühren</act:name>
  <act:id type="guid">d3f947fdfbf54240b0cfb09fea4963ca</act:id>
  <act:type>EXPENSE</act:type>
  <act:commodity>
    <cmdty:space>CURRENCY</cmdty:space>
    <cmdty:id>EUR</cmdty:id>
  </act:commodity>
  <act:commodity-scu>100</act:commodity-scu>
  <act:description>Konto- und Bankgebühren</act:description>
  <act:slots>
    <slot>
      <slot:key>dummy</slot:key>
      <slot:value type="string">dummy</slot:value>
    </slot>
  </act:slots>
  <act:parent type="guid">7d4c7bf08901493ab346cc24595fdb97</act:parent>
</gnc:account>
<gnc:account version="2.0.0">
  <act:name>Sonstiges</act:name>
  <act:id type="guid">a11c860ad3c54a07a25020941685f970</act:id>
  <act:type>EXPENSE</act:type>
  <act:commodity>
    <cmdty:space>CURRENCY</cmdty:space>
    <cmdty:id>EUR</cmdty:id>
  </act:commodity>
  <act:commodity-scu>100</act:commodity-scu>
  <act:description>nicht aufgegliederte Ausgaben</act:description>
  <act:slots>
    <slot>
      <slot:key>dummy</slot:key>
      <slot:value type="string">dummy</slot:value>
    </slot>
  </act:slots>
  <act:parent type="guid">7d4c7bf08901493ab346cc24595fdb97</act:parent>
</gnc:account>
<gnc:account version="2.0.0">
  <act:name>Komissionen</act:name>
  <act:id type="guid">2e1273453a4d4cbba016379287964104</act:id>
  <act:type>EXPENSE</act:type>
  <act:commodity>
    <cmdty:space>CURRENCY</cmdty:space>
    <cmdty:id>EUR</cmdty:id>
  </act:commodity>
  <act:commodity-scu>100</act:commodity-scu>
  <act:description>Komissionen im Aktienhandel</act:description>
  <act:slots>
    <slot>
      <slot:key>dummy</slot:key>
      <slot:value type="string">dummy</slot:value>
    </slot>
  </act:slots>
  <act:parent type="guid">7d4c7bf08901493ab346cc24595fdb97</act:parent>
</gnc:account>
<gnc:account version="2.0.0">
  <act:name>Spenden</act:name>
  <act:id type="guid">6c69d149ad5946fcad59cddeef67d8a0</act:id>
  <act:type>EXPENSE</act:type>
  <act:commodity>
    <cmdty:space>CURRENCY</cmdty:space>
    <cmdty:id>EUR</cmdty:id>
  </act:commodity>
  <act:commodity-scu>100</act:commodity-scu>
  <act:description>Wohltätige Spenden</act:description>
  <act:slots>
    <slot>
      <slot:key>dummy</slot:key>
      <slot:value type="string">dummy</slot:value>
    </slot>
  </act:slots>
  <act:parent type="guid">23aa4227ddda457592998d18f888a662</act:parent>
</gnc:account>
<gnc:account version="2.0.0">
  <act:name>Steuern</act:name>
  <act:id type="guid">4681684348c64a10bac7f6e82a07f7d6</act:id>
  <act:type>EXPENSE</act:type>
  <act:commodity>
    <cmdty:space>CURRENCY</cmdty:space>
    <cmdty:id>EUR</cmdty:id>
  </act:commodity>
  <act:commodity-scu>100</act:commodity-scu>
  <act:description>Steuern und Sozialabgaben</act:description>
  <act:slots>
    <slot>
      <slot:key>placeholder</slot:key>
      <slot:value type="string">true</slot:value>
    </slot>
  </act:slots>
  <act:parent type="guid">23aa4227ddda457592998d18f888a662</act:parent>
</gnc:account>
<gnc:account version="2.0.0">
  <act:name>Einkommensteuer</act:name>
  <act:id type="guid">9a21167546e6423e8f310b18b8b9c113</act:id>
  <act:type>EXPENSE</act:type>
  <act:commodity>
    <cmdty:space>CURRENCY</cmdty:space>
    <cmdty:id>EUR</cmdty:id>
  </act:commodity>
  <act:commodity-scu>100</act:commodity-scu>
  <act:description>Einkommensteuer</act:description>
  <act:slots>
    <slot>
      <slot:key>dummy</slot:key>
      <slot:value type="string">dummy</slot:value>
    </slot>
  </act:slots>
  <act:parent type="guid">4681684348c64a10bac7f6e82a07f7d6</act:parent>
</gnc:account>
<gnc:account version="2.0.0">
  <act:name>Pflegeversicherung</act:name>
  <act:id type="guid">dfca94d707d44891ae08667267efaecd</act:id>
  <act:type>EXPENSE</act:type>
  <act:commodity>
    <cmdty:space>CURRENCY</cmdty:space>
    <cmdty:id>EUR</cmdty:id>
  </act:commodity>
  <act:commodity-scu>100</act:commodity-scu>
  <act:description>Pflegeversicherung</act:description>
  <act:slots>
    <slot>
      <slot:key>dummy</slot:key>
      <slot:value type="string">dummy</slot:value>
    </slot>
  </act:slots>
  <act:parent type="guid">4681684348c64a10bac7f6e82a07f7d6</act:parent>
</gnc:account>
<gnc:account version="2.0.0">
  <act:name>Rentenversicherung</act:name>
  <act:id type="guid">b42dd58dc4774514b19a81f1066a0453</act:id>
  <act:type>EXPENSE</act:type>
  <act:commodity>
    <cmdty:space>CURRENCY</cmdty:space>
    <cmdty:id>EUR</cmdty:id>
  </act:commodity>
  <act:commodity-scu>100</act:commodity-scu>
  <act:description>Rentenversicherung</act:description>
  <act:slots>
    <slot>
      <slot:key>dummy</slot:key>
      <slot:value type="string">dummy</slot:value>
    </slot>
  </act:slots>
  <act:parent type="guid">4681684348c64a10bac7f6e82a07f7d6</act:parent>
</gnc:account>
<gnc:account version="2.0.0">
  <act:name>Solidaritätszuschlag</act:name>
  <act:id type="guid">41e998de2af144c7a9db5049fb677f8a</act:id>
  <act:type>EXPENSE</act:type>
  <act:commodity>
    <cmdty:space>CURRENCY</cmdty:space>
    <cmdty:id>EUR</cmdty:id>
  </act:commodity>
  <act:commodity-scu>100</act:commodity-scu>
  <act:description>Solidaritätszuschlag</act:description>
  <act:slots>
    <slot>
      <slot:key>dummy</slot:key>
      <slot:value type="string">dummy</slot:value>
    </slot>
  </act:slots>
  <act:parent type="guid">4681684348c64a10bac7f6e82a07f7d6</act:parent>
</gnc:account>
<gnc:account version="2.0.0">
  <act:name>Sonstige</act:name>
  <act:id type="guid">dce93b2f38df47ceb6ae343a9d16f73b</act:id>
  <act:type>EXPENSE</act:type>
  <act:commodity>
    <cmdty:space>CURRENCY</cmdty:space>
    <cmdty:id>EUR</cmdty:id>
  </act:commodity>
  <act:commodity-scu>100</act:commodity-scu>
  <act:description>Sonstige Steuern</act:description>
  <act:slots>
    <slot>
      <slot:key>dummy</slot:key>
      <slot:value type="string">dummy</slot:value>
    </slot>
  </act:slots>
  <act:parent type="guid">4681684348c64a10bac7f6e82a07f7d6</act:parent>
</gnc:account>
<gnc:account version="2.0.0">
  <act:name>Sozialabgaben</act:name>
  <act:id type="guid">7b88cc67d2a1482c8a91c6ec34803455</act:id>
  <act:type>EXPENSE</act:type>
  <act:commodity>
    <cmdty:space>CURRENCY</cmdty:space>
    <cmdty:id>EUR</cmdty:id>
  </act:commodity>
  <act:commodity-scu>100</act:commodity-scu>
  <act:description>Sonstige Sozialabgaben</act:description>
  <act:slots>
    <slot>
      <slot:key>dummy</slot:key>
      <slot:value type="string">dummy</slot:value>
    </slot>
  </act:slots>
  <act:parent type="guid">4681684348c64a10bac7f6e82a07f7d6</act:parent>
</gnc:account>
<gnc:account version="2.0.0">
  <act:name>Telekommunikation</act:name>
  <act:id type="guid">f3cef83e70a84066ba91719df5a40884</act:id>
  <act:type>EXPENSE</act:type>
  <act:commodity>
    <cmdty:space>CURRENCY</cmdty:space>
    <cmdty:id>EUR</cmdty:id>
  </act:commodity>
  <act:commodity-scu>100</act:commodity-scu>
  <act:description>Telekommunikation</act:description>
  <act:slots>
    <slot>
      <slot:key>placeholder</slot:key>
      <slot:value type="string">true</slot:value>
    </slot>
  </act:slots>
  <act:parent type="guid">23aa4227ddda457592998d18f888a662</act:parent>
</gnc:account>
<gnc:account version="2.0.0">
  <act:name>Fernsehen</act:name>
  <act:id type="guid">aa8e4dac1bd141468c1eca045598a52b</act:id>
  <act:type>EXPENSE</act:type>
  <act:commodity>
    <cmdty:space>CURRENCY</cmdty:space>
    <cmdty:id>EUR</cmdty:id>
  </act:commodity>
  <act:commodity-scu>100</act:commodity-scu>
  <act:description>GEZ und Kabelfernsehen</act:description>
  <act:slots>
    <slot>
      <slot:key>dummy</slot:key>
      <slot:value type="string">dummy</slot:value>
    </slot>
  </act:slots>
  <act:parent type="guid">f3cef83e70a84066ba91719df5a40884</act:parent>
</gnc:account>
<gnc:account version="2.0.0">
  <act:name>Online-Dienste</act:name>
  <act:id type="guid">dc74d3fb6de84c4bad17f847c6a91f30</act:id>
  <act:type>EXPENSE</act:type>
  <act:commodity>
    <cmdty:space>CURRENCY</cmdty:space>
    <cmdty:id>EUR</cmdty:id>
  </act:commodity>
  <act:commodity-scu>100</act:commodity-scu>
  <act:description>Online-Dienste</act:description>
  <act:slots>
    <slot>
      <slot:key>dummy</slot:key>
      <slot:value type="string">dummy</slot:value>
    </slot>
  </act:slots>
  <act:parent type="guid">f3cef83e70a84066ba91719df5a40884</act:parent>
</gnc:account>
<gnc:account version="2.0.0">
  <act:name>Telefon</act:name>
  <act:id type="guid">598eb8acb1834752ab503c3fe9ed6c99</act:id>
  <act:type>EXPENSE</act:type>
  <act:commodity>
    <cmdty:space>CURRENCY</cmdty:space>
    <cmdty:id>EUR</cmdty:id>
  </act:commodity>
  <act:commodity-scu>100</act:commodity-scu>
  <act:description>Telefon</act:description>
  <act:slots>
    <slot>
      <slot:key>dummy</slot:key>
      <slot:value type="string">dummy</slot:value>
    </slot>
  </act:slots>
  <act:parent type="guid">f3cef83e70a84066ba91719df5a40884</act:parent>
</gnc:account>
<gnc:account version="2.0.0">
  <act:name>Unterhaltung</act:name>
  <act:id type="guid">caab27f7ee73491596b8fa76972555bb</act:id>
  <act:type>EXPENSE</act:type>
  <act:commodity>
    <cmdty:space>CURRENCY</cmdty:space>
    <cmdty:id>EUR</cmdty:id>
  </act:commodity>
  <act:commodity-scu>100</act:commodity-scu>
  <act:description>Unterhaltung</act:description>
  <act:slots>
    <slot>
      <slot:key>placeholder</slot:key>
      <slot:value type="string">true</slot:value>
    </slot>
  </act:slots>
  <act:parent type="guid">23aa4227ddda457592998d18f888a662</act:parent>
</gnc:account>
<gnc:account version="2.0.0">
  <act:name>Ausgehen</act:name>
  <act:id type="guid">684ae656c0cb44d68b34128156aef18a</act:id>
  <act:type>EXPENSE</act:type>
  <act:commodity>
    <cmdty:space>CURRENCY</cmdty:space>
    <cmdty:id>EUR</cmdty:id>
  </act:commodity>
  <act:commodity-scu>100</act:commodity-scu>
  <act:description>Auswärts Essen</act:description>
  <act:slots>
    <slot>
      <slot:key>dummy</slot:key>
      <slot:value type="string">dummy</slot:value>
    </slot>
  </act:slots>
  <act:parent type="guid">caab27f7ee73491596b8fa76972555bb</act:parent>
</gnc:account>
<gnc:account version="2.0.0">
  <act:name>Musik/Kino</act:name>
  <act:id type="guid">da3d63bc020846d69eddc3b0ccbc3d47</act:id>
  <act:type>EXPENSE</act:type>
  <act:commodity>
    <cmdty:space>CURRENCY</cmdty:space>
    <cmdty:id>EUR</cmdty:id>
  </act:commodity>
  <act:commodity-scu>100</act:commodity-scu>
  <act:description>Musik/Kino</act:description>
  <act:slots>
    <slot>
      <slot:key>dummy</slot:key>
      <slot:value type="string">dummy</slot:value>
    </slot>
  </act:slots>
  <act:parent type="guid">caab27f7ee73491596b8fa76972555bb</act:parent>
</gnc:account>
<gnc:account version="2.0.0">
  <act:name>Reisen</act:name>
  <act:id type="guid">2b5f38b679e848ee8e397a3a43ed0eb2</act:id>
  <act:type>EXPENSE</act:type>
  <act:commodity>
    <cmdty:space>CURRENCY</cmdty:space>
    <cmdty:id>EUR</cmdty:id>
  </act:commodity>
  <act:commodity-scu>100</act:commodity-scu>
  <act:description>Reisen</act:description>
  <act:slots>
    <slot>
      <slot:key>dummy</slot:key>
      <slot:value type="string">dummy</slot:value>
    </slot>
  </act:slots>
  <act:parent type="guid">caab27f7ee73491596b8fa76972555bb</act:parent>
</gnc:account>
<gnc:account version="2.0.0">
  <act:name>Sport</act:name>
  <act:id type="guid">7425f95d8e4842b68b9682bfaf45c4eb</act:id>
  <act:type>EXPENSE</act:type>
  <act:commodity>
    <cmdty:space>CURRENCY</cmdty:space>
    <cmdty:id>EUR</cmdty:id>
  </act:commodity>
  <act:commodity-scu>100</act:commodity-scu>
  <act:description>Sport</act:description>
  <act:slots>
    <slot>
      <slot:key>dummy</slot:key>
      <slot:value type="string">dummy</slot:value>
    </slot>
  </act:slots>
  <act:parent type="guid">caab27f7ee73491596b8fa76972555bb</act:parent>
</gnc:account>
<gnc:account version="2.0.0">
  <act:name>Wohnen</act:name>
  <act:id type="guid">0dc81059cae942ed87f4bb00683bde72</act:id>
  <act:type>EXPENSE</act:type>
  <act:commodity>
    <cmdty:space>CURRENCY</cmdty:space>
    <cmdty:id>EUR</cmdty:id>
  </act:commodity>
  <act:commodity-scu>100</act:commodity-scu>
  <act:description>Ausgaben für Wohnung/Haus</act:description>
  <act:slots>
    <slot>
      <slot:key>placeholder</slot:key>
      <slot:value type="string">true</slot:value>
    </slot>
  </act:slots>
  <act:parent type="guid">23aa4227ddda457592998d18f888a662</act:parent>
</gnc:account>
<gnc:account version="2.0.0">
  <act:name>Miete</act:name>
  <act:id type="guid">22a7432b85844c88bd023ba3c3ba72aa</act:id>
  <act:type>EXPENSE</act:type>
  <act:commodity>
    <cmdty:space>CURRENCY</cmdty:space>
    <cmdty:id>EUR</cmdty:id>
  </act:commodity>
  <act:commodity-scu>100</act:commodity-scu>
  <act:description>Miete</act:description>
  <act:slots>
    <slot>
      <slot:key>dummy</slot:key>
      <slot:value type="string">dummy</slot:value>
    </slot>
  </act:slots>
  <act:parent type="guid">0dc81059cae942ed87f4bb00683bde72</act:parent>
</gnc:account>
<gnc:account version="2.0.0">
  <act:name>Nebenkosten</act:name>
  <act:id type="guid">8a54850637cd4002be59eefc68a3ab80</act:id>
  <act:type>EXPENSE</act:type>
  <act:commodity>
    <cmdty:space>CURRENCY</cmdty:space>
    <cmdty:id>EUR</cmdty:id>
  </act:commodity>
  <act:commodity-scu>100</act:commodity-scu>
  <act:description>Wohnnebenkosten</act:description>
  <act:slots>
    <slot>
      <slot:key>placeholder</slot:key>
      <slot:value type="string">true</slot:value>
    </slot>
  </act:slots>
  <act:parent type="guid">0dc81059cae942ed87f4bb00683bde72</act:parent>
</gnc:account>
<gnc:account version="2.0.0">
  <act:name>Abfall</act:name>
  <act:id type="guid">6a5db2c70fc04b4fa2e455d374c103cf</act:id>
  <act:type>EXPENSE</act:type>
  <act:commodity>
    <cmdty:space>CURRENCY</cmdty:space>
    <cmdty:id>EUR</cmdty:id>
  </act:commodity>
  <act:commodity-scu>100</act:commodity-scu>
  <act:description>Abfallentsorgung</act:description>
  <act:slots>
    <slot>
      <slot:key>dummy</slot:key>
      <slot:value type="string">dummy</slot:value>
    </slot>
  </act:slots>
  <act:parent type="guid">8a54850637cd4002be59eefc68a3ab80</act:parent>
</gnc:account>
<gnc:account version="2.0.0">
  <act:name>Gas</act:name>
  <act:id type="guid">a30550e282814ee499f956626d69fb97</act:id>
  <act:type>EXPENSE</act:type>
  <act:commodity>
    <cmdty:space>CURRENCY</cmdty:space>
    <cmdty:id>EUR</cmdty:id>
  </act:commodity>
  <act:commodity-scu>100</act:commodity-scu>
  <act:description>Gas</act:description>
  <act:slots>
    <slot>
      <slot:key>dummy</slot:key>
      <slot:value type="string">dummy</slot:value>
    </slot>
  </act:slots>
  <act:parent type="guid">8a54850637cd4002be59eefc68a3ab80</act:parent>
</gnc:account>
<gnc:account version="2.0.0">
  <act:name>Strom</act:name>
  <act:id type="guid">faba09b2115b40fea720d448d38acf95</act:id>
  <act:type>EXPENSE</act:type>
  <act:commodity>
    <cmdty:space>CURRENCY</cmdty:space>
    <cmdty:id>EUR</cmdty:id>
  </act:commodity>
  <act:commodity-scu>100</act:commodity-scu>
  <act:description>Strom</act:description>
  <act:slots>
    <slot>
      <slot:key>dummy</slot:key>
      <slot:value type="string">dummy</slot:value>
    </slot>
  </act:slots>
  <act:parent type="guid">8a54850637cd4002be59eefc68a3ab80</act:parent>
</gnc:account>
<gnc:account version="2.0.0">
  <act:name>Wasser</act:name>
  <act:id type="guid">714995684aa34753acad6f6c40ecc517</act:id>
  <act:type>EXPENSE</act:type>
  <act:commodity>
    <cmdty:space>CURRENCY</cmdty:space>
    <cmdty:id>EUR</cmdty:id>
  </act:commodity>
  <act:commodity-scu>100</act:commodity-scu>
  <act:description>Wasser</act:description>
  <act:slots>
    <slot>
      <slot:key>dummy</slot:key>
      <slot:value type="string">dummy</slot:value>
    </slot>
  </act:slots>
  <act:parent type="guid">8a54850637cd4002be59eefc68a3ab80</act:parent>
</gnc:account>
<gnc:account version="2.0.0">
  <act:name>Fremdkapital</act:name>
  <act:id type="guid">5008258df86243ee86d37dee64327c27</act:id>
  <act:type>LIABILITY</act:type>
  <act:commodity>
    <cmdty:space>CURRENCY</cmdty:space>
    <cmdty:id>EUR</cmdty:id>
  </act:commodity>
  <act:commodity-scu>100</act:commodity-scu>
  <act:description>alle Verbindlichkeiten</act:description>
  <act:slots>
    <slot>
      <slot:key>placeholder</slot:key>
      <slot:value type="string">true</slot:value>
    </slot>
  </act:slots>
  <act:parent type="guid">14305dc80e034834b3f531696d81b493</act:parent>
</gnc:account>
<gnc:account version="2.0.0">
  <act:name>Barverbindlichkeiten</act:name>
  <act:id type="guid">e5523198bef94e2c89f0a42fa1e27e42</act:id>
  <act:type>LIABILITY</act:type>
  <act:commodity>
    <cmdty:space>CURRENCY</cmdty:space>
    <cmdty:id>EUR</cmdty:id>
  </act:commodity>
  <act:commodity-scu>100</act:commodity-scu>
  <act:description>Barverbindlichkeiten (noch offenstehende Rechnungen)</act:description>
  <act:slots>
    <slot>
      <slot:key>placeholder</slot:key>
      <slot:value type="string">true</slot:value>
    </slot>
  </act:slots>
  <act:parent type="guid">5008258df86243ee86d37dee64327c27</act:parent>
</gnc:account>
<gnc:account version="2.0.0">
  <act:name>Kreditkarte</act:name>
  <act:id type="guid">ab7ed186812c475284100a8757a9b89e</act:id>
  <act:type>CREDIT</act:type>
  <act:commodity>
    <cmdty:space>CURRENCY</cmdty:space>
    <cmdty:id>EUR</cmdty:id>
  </act:commodity>
  <act:commodity-scu>100</act:commodity-scu>
  <act:description>Kreditkarte</act:description>
  <act:slots>
    <slot>
      <slot:key>dummy</slot:key>
      <slot:value type="string">dummy</slot:value>
    </slot>
  </act:slots>
  <act:parent type="guid">e5523198bef94e2c89f0a42fa1e27e42</act:parent>
</gnc:account>
<gnc:account version="2.0.0">
  <act:name>Steuerverbindl</act:name>
  <act:id type="guid">1a5b06dada56466197edbd15e64fd425</act:id>
  <act:type>LIABILITY</act:type>
  <act:commodity>
    <cmdty:space>CURRENCY</cmdty:space>
    <cmdty:id>EUR</cmdty:id>
  </act:commodity>
  <act:commodity-scu>100</act:commodity-scu>
  <act:slots>
    <slot>
      <slot:key>dummy</slot:key>
      <slot:value type="string">dummy</slot:value>
    </slot>
  </act:slots>
  <act:parent type="guid">5008258df86243ee86d37dee64327c27</act:parent>
</gnc:account>
<gnc:account version="2.0.0">
  <act:name>Anfangsbestand</act:name>
  <act:id type="guid">ebc834e7f20e4be38f445d655142d6b1</act:id>
  <act:type>EQUITY</act:type>
  <act:commodity>
    <cmdty:space>CURRENCY</cmdty:space>
    <cmdty:id>EUR</cmdty:id>
  </act:commodity>
  <act:commodity-scu>100</act:commodity-scu>
  <act:description>Anfangsbestand</act:description>
  <act:slots>
    <slot>
      <slot:key>equity-type</slot:key>
      <slot:value type="string">opening-balance</slot:value>
    </slot>
  </act:slots>
  <act:parent type="guid">14305dc80e034834b3f531696d81b493</act:parent>
</gnc:account>
<gnc:account version="2.0.0">
  <act:name>Ausgleichskonto-EUR</act:name>
  <act:id type="guid">97fe299fade74af1857573ab5b48262b</act:id>
  <act:type>BANK</act:type>
  <act:commodity>
    <cmdty:space>CURRENCY</cmdty:space>
    <cmdty:id>EUR</cmdty:id>
  </act:commodity>
  <act:commodity-scu>100</act:commodity-scu>
  <act:slots>
    <slot>
      <slot:key>dummy</slot:key>
      <slot:value type="string">dummy</slot:value>
    </slot>
  </act:slots>
  <act:parent type="guid">14305dc80e034834b3f531696d81b493</act:parent>
</gnc:account>
<gnc:transaction version="2.0.0">
  <trn:id type="guid">cc9fe6a245df45ba9b494660732a7755</trn:id>
  <trn:currency>
    <cmdty:space>CURRENCY</cmdty:space>
    <cmdty:id>EUR</cmdty:id>
  </trn:currency>
  <trn:date-posted>
    <ts:date>2023-07-01 10:59:00 +0000</ts:date>
  </trn:date-posted>
  <trn:date-entered>
    <ts:date>2023-07-20 09:56:39 +0000</ts:date>
  </trn:date-entered>
  <trn:description>Ersterwerb</trn:description>
  <trn:slots>
    <slot>
      <slot:key>date-posted</slot:key>
      <slot:value type="gdate">
        <gdate>2023-07-01</gdate>
      </slot:value>
    </slot>
  </trn:slots>
  <trn:splits>
    <trn:split>
      <split:id type="guid">980706f1ead64460b8205f093472c855</split:id>
      <split:action>Kauf</split:action>
      <split:reconciled-state>n</split:reconciled-state>
      <split:value>225300/100</split:value>
      <split:quantity>1000000/10000</split:quantity>
      <split:account type="guid">d49554f33a0340bdb6611a1ab5575998</split:account>
    </trn:split>
    <trn:split>
      <split:id type="guid">22e449ac0a864d4fae7c58171bdcfcfc</split:id>
      <split:reconciled-state>n</split:reconciled-state>
      <split:value>0/100</split:value>
      <split:quantity>0/100</split:quantity>
      <split:account type="guid">97fe299fade74af1857573ab5b48262b</split:account>
    </trn:split>
    <trn:split>
      <split:id type="guid">b6a88c1d918e465892488c561e02831a</split:id>
      <split:reconciled-state>n</split:reconciled-state>
      <split:value>-225300/100</split:value>
      <split:quantity>-225300/100</split:quantity>
      <split:account type="guid">ebc834e7f20e4be38f445d655142d6b1</split:account>
    </trn:split>
  </trn:splits>
</gnc:transaction>
<gnc:transaction version="2.0.0">
  <trn:id type="guid">4307689faade47d8aab4db87c8ce3aaf</trn:id>
  <trn:currency>
    <cmdty:space>CURRENCY</cmdty:space>
    <cmdty:id>EUR</cmdty:id>
  </trn:currency>
  <trn:date-posted>
    <ts:date>2023-07-18 10:59:00 +0000</ts:date>
  </trn:date-posted>
  <trn:date-entered>
    <ts:date>2023-07-20 10:04:18 +0000</ts:date>
  </trn:date-entered>
  <trn:description>Ersterwerb</trn:description>
  <trn:slots>
    <slot>
      <slot:key>date-posted</slot:key>
      <slot:value type="gdate">
        <gdate>2023-07-18</gdate>
      </slot:value>
    </slot>
  </trn:slots>
  <trn:splits>
    <trn:split>
      <split:id type="guid">c3ae14400ec843f9bf63f5ef69a31528</split:id>
      <split:action>Kauf</split:action>
      <split:reconciled-state>n</split:reconciled-state>
      <split:value>187500/100</split:value>
      <split:quantity>150000/10000</split:quantity>
      <split:account type="guid">b3741e92e3b9475b9d5a2dc8254a8111</split:account>
    </trn:split>
    <trn:split>
      <split:id type="guid">d1a21aa516ab4ee4a60cdb9885285912</split:id>
      <split:reconciled-state>n</split:reconciled-state>
      <split:value>0/100</split:value>
      <split:quantity>0/100</split:quantity>
      <split:account type="guid">97fe299fade74af1857573ab5b48262b</split:account>
    </trn:split>
    <trn:split>
      <split:id type="guid">ffdc46ece30042baa3657af57eabe6ee</split:id>
      <split:reconciled-state>n</split:reconciled-state>
      <split:value>-187500/100</split:value>
      <split:quantity>-187500/100</split:quantity>
      <split:account type="guid">ebc834e7f20e4be38f445d655142d6b1</split:account>
    </trn:split>
  </trn:splits>
</gnc:transaction>
<gnc:transaction version="2.0.0">
  <trn:id type="guid">32b216aa73a44137aa5b041ab8739058</trn:id>
  <trn:currency>
    <cmdty:space>CURRENCY</cmdty:space>
    <cmdty:id>EUR</cmdty:id>
  </trn:currency>
  <trn:date-posted>
    <ts:date>2023-08-06 10:59:00 +0000</ts:date>
  </trn:date-posted>
  <trn:date-entered>
    <ts:date>2023-08-06 08:21:44 +0000</ts:date>
  </trn:date-entered>
  <trn:description>Dividenderl</trn:description>
  <trn:slots>
    <slot>
      <slot:key>date-posted</slot:key>
      <slot:value type="gdate">
        <gdate>2023-08-06</gdate>
      </slot:value>
    </slot>
  </trn:slots>
  <trn:splits>
    <trn:split>
      <split:id type="guid">7abf90fe15124254ac3eb7ec33f798e7</split:id>
      <split:reconciled-state>n</split:reconciled-state>
      <split:value>1100/100</split:value>
      <split:quantity>1100/100</split:quantity>
      <split:account type="guid">87b7dc076d684bb78044795a89d665c8</split:account>
    </trn:split>
    <trn:split>
      <split:id type="guid">ea08a144322146cea38b39d134ca6fc1</split:id>
      <split:reconciled-state>n</split:reconciled-state>
      <split:value>0/100</split:value>
      <split:quantity>0/10000</split:quantity>
      <split:account type="guid">b3741e92e3b9475b9d5a2dc8254a8111</split:account>
    </trn:split>
    <trn:split>
      <split:id type="guid">5c5fa881869843d090a932f8e6b15af2</split:id>
      <split:reconciled-state>n</split:reconciled-state>
      <split:value>-1100/100</split:value>
      <split:quantity>-1100/100</split:quantity>
      <split:account type="guid">d7c384bfc136464490965f3f254313b1</split:account>
    </trn:split>
  </trn:splits>
</gnc:transaction>
<gnc:transaction version="2.0.0">
  <trn:id type="guid">568864bfb0954897ab8578db4d27372f</trn:id>
  <trn:currency>
    <cmdty:space>CURRENCY</cmdty:space>
    <cmdty:id>EUR</cmdty:id>
  </trn:currency>
  <trn:date-posted>
    <ts:date>2020-01-01 10:59:00 +0000</ts:date>
  </trn:date-posted>
  <trn:date-entered>
    <ts:date>2023-08-28 08:50:04 +0000</ts:date>
  </trn:date-entered>
  <trn:description>Anfangsbestand</trn:description>
  <trn:slots>
    <slot>
      <slot:key>date-posted</slot:key>
      <slot:value type="gdate">
        <gdate>2020-01-01</gdate>
      </slot:value>
    </slot>
  </trn:slots>
  <trn:splits>
    <trn:split>
      <split:id type="guid">2d662bf8877a41f69c69276f2770b140</split:id>
      <split:reconciled-state>n</split:reconciled-state>
      <split:value>125065/100</split:value>
      <split:quantity>125065/100</split:quantity>
      <split:account type="guid">bbf77a599bd24a3dbfec3dd1d0bb9f5c</split:account>
    </trn:split>
    <trn:split>
      <split:id type="guid">6d08eca07d2b457a8f13539249313db8</split:id>
      <split:reconciled-state>n</split:reconciled-state>
      <split:value>-125065/100</split:value>
      <split:quantity>-125065/100</split:quantity>
      <split:account type="guid">97fe299fade74af1857573ab5b48262b</split:account>
    </trn:split>
  </trn:splits>
</gnc:transaction>
<gnc:transaction version="2.0.0">
  <trn:id type="guid">18a45dfc8a6868c470438e27d6fe10b2</trn:id>
  <trn:currency>
    <cmdty:space>CURRENCY</cmdty:space>
    <cmdty:id>EUR</cmdty:id>
  </trn:currency>
  <trn:date-posted>
    <ts:date>2023-08-30 09:56:48 +0000</ts:date>
  </trn:date-posted>
  <trn:date-entered>
    <ts:date>2022-03-11 23:00:00 +0000</ts:date>
  </trn:date-entered>
  <trn:description>Generated by GenTrx</trn:description>
  <trn:slots>
    <slot>
      <slot:key>dummy</slot:key>
      <slot:value type="string">dummy</slot:value>
    </slot>
  </trn:slots>
  <trn:splits>
    <trn:split>
      <split:id type="guid">18a45dfc8a725676b33ce7645ca53199</split:id>
      <split:reconciled-state>n</split:reconciled-state>
      <split:value>12365/100</split:value>
      <split:quantity>12365/100</split:quantity>
      <split:account type="guid">598eb8acb1834752ab503c3fe9ed6c99</split:account>
    </trn:split>
    <trn:split>
      <split:id type="guid">18a45dfc8a64152db59dab669b115bf0</split:id>
      <split:reconciled-state>n</split:reconciled-state>
      <split:value>-12365/100</split:value>
      <split:quantity>-12365/100</split:quantity>
      <split:account type="guid">bbf77a599bd24a3dbfec3dd1d0bb9f5c</split:account>
    </trn:split>
  </trn:splits>
</gnc:transaction>
<gnc:GncBillTerm version="2.0.0">
  <billterm:guid type="guid">599bfe3ab5b84a73bf3acabc5abd5bc7</billterm:guid>
  <billterm:name>sofort</billterm:name>
  <billterm:desc>Test 1</billterm:desc>
  <billterm:refcount>1</billterm:refcount>
  <billterm:invisible>0</billterm:invisible>
  <billterm:days>
    <bt-days:due-days>5</bt-days:due-days>
  </billterm:days>
</gnc:GncBillTerm>
<gnc:GncCustomer version="2.0.0">
  <cust:guid type="guid">5d1dd9afa7554553988669830cc1f696</cust:guid>
  <cust:name>Blödfug und Quatsch</cust:name>
  <cust:id>000001</cust:id>
  <cust:addr version="2.0.0">
    <addr:name>Herr SchwervonBegriff</addr:name>
    <addr:addr1>Nixkapier-Str. 9</addr:addr1>
    <addr:addr2>12345 Berlin</addr:addr2>
  </cust:addr>
  <cust:shipaddr version="2.0.0"/>
  <cust:taxincluded>USEGLOBAL</cust:taxincluded>
  <cust:active>1</cust:active>
  <cust:discount>0/1</cust:discount>
  <cust:credit>0/1</cust:credit>
  <cust:currency>
    <cmdty:space>CURRENCY</cmdty:space>
    <cmdty:id>EUR</cmdty:id>
  </cust:currency>
  <cust:use-tt>0</cust:use-tt>
  <cust:slots>
    <slot>
      <slot:key>dummy</slot:key>
      <slot:value type="string">dummy</slot:value>
    </slot>
  </cust:slots>
</gnc:GncCustomer>
<gnc:GncEntry version="2.0.0">
  <entry:guid type="guid">0041b8d397f04ae4a2e9e3c7f991c4ec</entry:guid>
  <entry:date>
    <ts:date>2023-08-31 10:00:00 +0000</ts:date>
  </entry:date>
  <entry:entered>
    <ts:date>2023-08-31 13:03:32 +0000</ts:date>
  </entry:entered>
  <entry:description>Gefälligkeiten</entry:description>
  <entry:action>Stunden</entry:action>
  <entry:qty>3/1</entry:qty>
  <entry:b-acct type="guid">01efa7d55a4b4ac8958c0e4f43193072</entry:b-acct>
  <entry:b-price>69/5</entry:b-price>
  <entry:bill type="guid">4eb0dc387c3f4daba57b11b2a657d8a4</entry:bill>
  <entry:billable>0</entry:billable>
  <entry:b-taxable>1</entry:b-taxable>
  <entry:b-taxincluded>0</entry:b-taxincluded>
  <entry:b-pay>CASH</entry:b-pay>
</gnc:GncEntry>
<gnc:GncEntry version="2.0.0">
  <entry:guid type="guid">3c67a99b5fe34387b596bb1fbab21a74</entry:guid>
  <entry:date>
    <ts:date>2023-08-30 10:00:00 +0000</ts:date>
  </entry:date>
  <entry:entered>
    <ts:date>2023-08-30 07:30:19 +0000</ts:date>
  </entry:entered>
  <entry:description>Posten 2</entry:description>
  <entry:action>Material</entry:action>
  <entry:qty>1/1</entry:qty>
  <entry:i-acct type="guid">fed745c4da5c49ebb0fde0f47222b35b</entry:i-acct>
  <entry:i-price>1234/1</entry:i-price>
  <entry:invoice type="guid">d9967c10fdf1465e9394a3e4b1e7bd79</entry:invoice>
  <entry:i-disc-type>VALUE</entry:i-disc-type>
  <entry:i-disc-how>PRETAX</entry:i-disc-how>
  <entry:i-taxable>0</entry:i-taxable>
  <entry:i-taxincluded>0</entry:i-taxincluded>
</gnc:GncEntry>
<gnc:GncEntry version="2.0.0">
  <entry:guid type="guid">513589a11391496cbb8d025fc1e87eaa</entry:guid>
  <entry:date>
    <ts:date>2023-08-30 10:00:00 +0000</ts:date>
  </entry:date>
  <entry:entered>
    <ts:date>2023-08-30 06:57:37 +0000</ts:date>
  </entry:entered>
  <entry:description>Item 1</entry:description>
  <entry:qty>3/1</entry:qty>
  <entry:b-acct type="guid">7baa658d697e4dfc8a4bf19f8cdd9fee</entry:b-acct>
  <entry:b-price>25/2</entry:b-price>
  <entry:bill type="guid">286fc2651a7848038a23bb7d065c8b67</entry:bill>
  <entry:billable>0</entry:billable>
  <entry:b-taxable>1</entry:b-taxable>
  <entry:b-taxincluded>1</entry:b-taxincluded>
  <entry:b-pay>CASH</entry:b-pay>
  <entry:b-taxtable type="guid">3c9690f9f31b4cd0baa936048b833c06</entry:b-taxtable>
</gnc:GncEntry>
<gnc:GncEntry version="2.0.0">
  <entry:guid type="guid">92e54c04b66f4682a9afb48e27dfe397</entry:guid>
  <entry:date>
    <ts:date>2023-08-30 10:00:00 +0000</ts:date>
  </entry:date>
  <entry:entered>
    <ts:date>2023-08-30 07:29:49 +0000</ts:date>
  </entry:entered>
  <entry:description>Posten 1</entry:description>
  <entry:action>Stunden</entry:action>
  <entry:qty>3/1</entry:qty>
  <entry:i-acct type="guid">fed745c4da5c49ebb0fde0f47222b35b</entry:i-acct>
  <entry:i-price>156/5</entry:i-price>
  <entry:invoice type="guid">d9967c10fdf1465e9394a3e4b1e7bd79</entry:invoice>
  <entry:i-disc-type>PERCENT</entry:i-disc-type>
  <entry:i-disc-how>PRETAX</entry:i-disc-how>
  <entry:i-taxable>0</entry:i-taxable>
  <entry:i-taxincluded>0</entry:i-taxincluded>
</gnc:GncEntry>
<gnc:GncEntry version="2.0.0">
  <entry:guid type="guid">dc3c53f07ff64199ad4ea38988b3f40a</entry:guid>
  <entry:date>
    <ts:date>2023-08-30 10:00:00 +0000</ts:date>
  </entry:date>
  <entry:entered>
    <ts:date>2023-08-30 06:57:40 +0000</ts:date>
  </entry:entered>
  <entry:description>Item 2</entry:description>
  <entry:qty>2/1</entry:qty>
  <entry:b-acct type="guid">16305960bddc463aa18212dd4f230d4d</entry:b-acct>
  <entry:b-price>119/5</entry:b-price>
  <entry:bill type="guid">286fc2651a7848038a23bb7d065c8b67</entry:bill>
  <entry:billable>0</entry:billable>
  <entry:b-taxable>1</entry:b-taxable>
  <entry:b-taxincluded>0</entry:b-taxincluded>
  <entry:b-pay>CASH</entry:b-pay>
  <entry:b-taxtable type="guid">3c9690f9f31b4cd0baa936048b833c06</entry:b-taxtable>
</gnc:GncEntry>
<gnc:GncInvoice version="2.0.0">
  <invoice:guid type="guid">286fc2651a7848038a23bb7d065c8b67</invoice:guid>
  <invoice:id>2740921</invoice:id>
  <invoice:owner version="2.0.0">
    <owner:type>gncVendor</owner:type>
    <owner:id type="guid">087e1a3d43fa4ef9a9bdd4b4797c4231</owner:id>
  </invoice:owner>
  <invoice:opened>
    <ts:date>2023-08-30 10:59:00 +0000</ts:date>
  </invoice:opened>
  <invoice:notes>Dat isjamaol eine schöne jepflejgte Reschnung!</invoice:notes>
  <invoice:active>1</invoice:active>
  <invoice:currency>
    <cmdty:space>CURRENCY</cmdty:space>
    <cmdty:id>EUR</cmdty:id>
  </invoice:currency>
</gnc:GncInvoice>
<gnc:GncInvoice version="2.0.0">
  <invoice:guid type="guid">4eb0dc387c3f4daba57b11b2a657d8a4</invoice:guid>
  <invoice:id>1730-383/2</invoice:id>
  <invoice:owner version="2.0.0">
    <owner:type>gncVendor</owner:type>
    <owner:id type="guid">087e1a3d43fa4ef9a9bdd4b4797c4231</owner:id>
  </invoice:owner>
  <invoice:opened>
    <ts:date>2023-08-31 10:59:00 +0000</ts:date>
  </invoice:opened>
  <invoice:notes>Sie wissen schon: Gefälligkeiten, ne?</invoice:notes>
  <invoice:active>1</invoice:active>
  <invoice:currency>
    <cmdty:space>CURRENCY</cmdty:space>
    <cmdty:id>EUR</cmdty:id>
  </invoice:currency>
  <invoice:slots>
    <slot>
      <slot:key>credit-note</slot:key>
      <slot:value type="integer">0</slot:value>
    </slot>
  </invoice:slots>
</gnc:GncInvoice>
<gnc:GncInvoice version="2.0.0">
  <invoice:guid type="guid">d9967c10fdf1465e9394a3e4b1e7bd79</invoice:guid>
  <invoice:id>R1730</invoice:id>
  <invoice:owner version="2.0.0">
    <owner:type>gncCustomer</owner:type>
    <owner:id type="guid">5d1dd9afa7554553988669830cc1f696</owner:id>
  </invoice:owner>
  <invoice:opened>
    <ts:date>2023-07-29 10:59:00 +0000</ts:date>
  </invoice:opened>
  <invoice:active>1</invoice:active>
  <invoice:currency>
    <cmdty:space>CURRENCY</cmdty:space>
    <cmdty:id>EUR</cmdty:id>
  </invoice:currency>
</gnc:GncInvoice>
<gnc:GncTaxTable version="2.0.0">
  <taxtable:guid type="guid">3c9690f9f31b4cd0baa936048b833c06</taxtable:guid>
  <taxtable:name>UStd_Std</taxtable:name>
  <taxtable:refcount>2</taxtable:refcount>
  <taxtable:invisible>0</taxtable:invisible>
  <taxtable:entries>
    <gnc:GncTaxTableEntry>
      <tte:acct type="guid">1a5b06dada56466197edbd15e64fd425</tte:acct>
      <tte:amount>1900000/100000</tte:amount>
      <tte:type>PERCENT</tte:type>
    </gnc:GncTaxTableEntry>
  </taxtable:entries>
</gnc:GncTaxTable>
<gnc:GncVendor version="2.0.0">
  <vendor:guid type="guid">087e1a3d43fa4ef9a9bdd4b4797c4231</vendor:guid>
  <vendor:name>Lieferfanto</vendor:name>
  <vendor:id>000001</vendor:id>
  <vendor:addr version="2.0.0">
    <addr:name>Über den Linden 81</addr:name>
    <addr:addr1>12345 Berlin</addr:addr1>
  </vendor:addr>
  <vendor:terms type="guid">599bfe3ab5b84a73bf3acabc5abd5bc7</vendor:terms>
  <vendor:taxincluded>USEGLOBAL</vendor:taxincluded>
  <vendor:active>1</vendor:active>
  <vendor:currency>
    <cmdty:space>CURRENCY</cmdty:space>
    <cmdty:id>EUR</cmdty:id>
  </vendor:currency>
  <vendor:use-tt>0</vendor:use-tt>
</gnc:GncVendor>
</gnc:book>
</gnc-v2>

